{"btc_usd":[{"type":"ask","price":28463.05086488,"amount":0.00021997,"tid":205398380,"timestamp":1685909322},{"type":"bid","price":28499.79999998,"amount":0.00010516,"tid":205398379,"timestamp":1685907624},{"type":"bid","price":28499.79840998,"amount":0.00000298,"tid":205398378,"timestamp":1685906153},{"type":"bid","price":28499.6,"amount":0.00009768,"tid":205398377,"timestamp":1685906153},{"type":"bid","price":28499.6,"amount":0.00050232,"tid":205398376,"timestamp":1685906139},{"type":"bid","price":28499.6,"amount":0.00014567,"tid":205398375,"timestamp":1685906139},{"type":"bid","price":28499.6,"amount":0.000104,"tid":205398374,"timestamp":1685906025},{"type":"bid","price":28499.8,"amount":0.00010505,"tid":205398373,"timestamp":1685905097},{"type":"bid","price":28549.4,"amount":0.00010384,"tid":205398372,"timestamp":1685904353},{"type":"bid","price":28000,"amount":0.00113944,"tid":205398371,"timestamp":1685901531},{"type":"ask","price":28000,"amount":0.00026698,"tid":205398370,"timestamp":1685901531},{"type":"ask","price":28073.34256493,"amount":0.00010001,"tid":205398369,"timestamp":1685901531},{"type":"ask","price":28218.5,"amount":0.00035,"tid":205398368,"timestamp":1685901531},{"type":"ask","price":28228.6,"amount":0.0006,"tid":205398367,"timestamp":1685901484},{"type":"bid","price":28549.7,"amount":0.00011225,"tid":205398366,"timestamp":1685901240},{"type":"bid","price":28549.7,"amount":0.00015178,"tid":205398365,"timestamp":1685901239},{"type":"bid","price":28549.7,"amount":0.00010242,"tid":205398364,"timestamp":1685900941},{"type":"bid","price":28549.8,"amount":0.00023715,"tid":205398363,"timestamp":1685899734},{"type":"ask","price":28241.9,"amount":0.00010775,"tid":205398362,"timestamp":1685899073},{"type":"ask","price":28250.54882845,"amount":0.00010062,"tid":205398361,"timestamp":1685899023},{"type":"ask","price":28367.07253682,"amount":0.00046886,"tid":205398360,"timestamp":1685898999},{"type":"ask","price":28452.17375444,"amount":0.00042265,"tid":205398359,"timestamp":1685898949},{"type":"bid","price":28549.9987,"amount":0.00078522,"tid":205398358,"timestamp":1685898024},{"type":"ask","price":28452.17375444,"amount":0.00148288,"tid":205398357,"timestamp":1685889367},{"type":"bid","price":28550,"amount":0.01782773,"tid":205398356,"timestamp":1685882842},{"type":"ask","price":28451.83233246,"amount":0.0001,"tid":205398355,"timestamp":1685882052},{"type":"ask","price":28451.83233246,"amount":0.00017958,"tid":205398354,"timestamp":1685882027},{"type":"ask","price":28451.83233246,"amount":0.0002,"tid":205398353,"timestamp":1685881878},{"type":"bid","price":28498.99999998,"amount":0.00021024,"tid":205398352,"timestamp":1685872656},{"type":"bid","price":28142.33840999,"amount":0.00014473,"tid":205398351,"timestamp":1685859095},{"type":"ask","price":28136.409,"amount":0.03607934,"tid":205398350,"timestamp":1685858870},{"type":"bid","price":28142.33841,"amount":0.00077214,"tid":205398349,"timestamp":1685858817},{"type":"ask","price":28142.33841,"amount":0.01175407,"tid":205398348,"timestamp":1685858810},{"type":"ask","price":28142.33841,"amount":0.00421371,"tid":205398347,"timestamp":1685858810},{"type":"ask","price":28142.33841,"amount":0.00683893,"tid":205398346,"timestamp":1685858810},{"type":"bid","price":28499.79998,"amount":0.00170621,"tid":205398345,"timestamp":1685857534},{"type":"bid","price":28499.79998,"amount":0.00164577,"tid":205398344,"timestamp":1685857533},{"type":"ask","price":28275.5902578,"amount":0.00313036,"tid":205398343,"timestamp":1685852826},{"type":"ask","price":28275.6,"amount":0.00029964,"tid":205398342,"timestamp":1685852691},{"type":"ask","price":28300.6,"amount":0.00040787,"tid":205398341,"timestamp":1685839005},{"type":"ask","price":28300.6,"amount":0.00107412,"tid":205398340,"timestamp":1685839005},{"type":"bid","price":28499.9,"amount":0.00015757,"tid":205398339,"timestamp":1685837383},{"type":"ask","price":28400,"amount":0.00108193,"tid":205398338,"timestamp":1685824372},{"type":"ask","price":28400,"amount":0.00147526,"tid":205398337,"timestamp":1685824360},{"type":"bid","price":28301.5,"amount":0.0006,"tid":205398336,"timestamp":1685823833},{"type":"ask","price":28301.5,"amount":0.0006,"tid":205398335,"timestamp":1685823767},{"type":"ask","price":28301.40005,"amount":0.00022072,"tid":205398334,"timestamp":1685822431},{"type":"ask","price":28359.3663454,"amount":0.0004638,"tid":205398333,"timestamp":1685822412},{"type":"ask","price":28549.9,"amount":0.00001086,"tid":205398332,"timestamp":1685820891},{"type":"ask","price":28549.9,"amount":0.00026055,"tid":205398331,"timestamp":1685820891},{"type":"bid","price":28549.9,"amount":0.00010061,"tid":205398330,"timestamp":1685820888},{"type":"bid","price":28549.9,"amount":0.00010068,"tid":205398329,"timestamp":1685820887},{"type":"bid","price":28549.9,"amount":0.0006,"tid":205398328,"timestamp":1685820887},{"type":"ask","price":28359.40006,"amount":0.00128968,"tid":205398327,"timestamp":1685808566},{"type":"ask","price":28438,"amount":0.00055136,"tid":205398326,"timestamp":1685808561},{"type":"ask","price":28444.44444444,"amount":0.00044871,"tid":205398325,"timestamp":1685807889},{"type":"ask","price":28302.80022,"amount":0.00399901,"tid":205398324,"timestamp":1685804636},{"type":"ask","price":28302.9,"amount":0.0006,"tid":205398323,"timestamp":1685804636},{"type":"ask","price":28302.6,"amount":0.00026518,"tid":205398322,"timestamp":1685801408},{"type":"bid","price":28549.9,"amount":0.00010895,"tid":205398321,"timestamp":1685800687},{"type":"bid","price":28549.9,"amount":0.00011928,"tid":205398320,"timestamp":1685799500},{"type":"ask","price":28302.1,"amount":0.00023655,"tid":205398319,"timestamp":1685798951},{"type":"ask","price":28301.30013,"amount":0.00468308,"tid":205398318,"timestamp":1685796358},{"type":"ask","price":28301.30013,"amount":0.01022004,"tid":205398317,"timestamp":1685796357},{"type":"ask","price":28301.4,"amount":0.0006,"tid":205398316,"timestamp":1685796357},{"type":"bid","price":28549.9,"amount":0.00009666,"tid":205398315,"timestamp":1685785673},{"type":"bid","price":28549.9,"amount":0.0006,"tid":205398314,"timestamp":1685785673},{"type":"ask","price":28373.7,"amount":0.00035,"tid":205398313,"timestamp":1685778219},{"type":"ask","price":28373.8,"amount":0.0006,"tid":205398312,"timestamp":1685778210},{"type":"bid","price":28549.9,"amount":0.00048317,"tid":205398311,"timestamp":1685777296},{"type":"ask","price":28300.6,"amount":0.00002126,"tid":205398310,"timestamp":1685776467},{"type":"ask","price":28300.6,"amount":0.00032874,"tid":205398309,"timestamp":1685776467},{"type":"ask","price":28300.6,"amount":0.00014204,"tid":205398308,"timestamp":1685771890},{"type":"ask","price":28300.6,"amount":0.0000374,"tid":205398307,"timestamp":1685766470},{"type":"ask","price":28300.6,"amount":0.0006,"tid":205398306,"timestamp":1685766470},{"type":"ask","price":28300.6,"amount":0.00014126,"tid":205398305,"timestamp":1685766470},{"type":"ask","price":28300.6,"amount":0.000112,"tid":205398304,"timestamp":1685766195},{"type":"bid","price":28570.6,"amount":0.00028675,"tid":205398303,"timestamp":1685746114},{"type":"bid","price":28570.6,"amount":0.00027277,"tid":205398302,"timestamp":1685746079},{"type":"ask","price":28416.6,"amount":0.00019408,"tid":205398301,"timestamp":1685746036},{"type":"bid","price":28570.7,"amount":0.00025186,"tid":205398300,"timestamp":1685745966},{"type":"ask","price":28432.6,"amount":0.00010938,"tid":205398299,"timestamp":1685743103},{"type":"ask","price":28481.4,"amount":0.00007939,"tid":205398298,"timestamp":1685743083},{"type":"ask","price":28481.4,"amount":0.00010938,"tid":205398297,"timestamp":1685743073},{"type":"ask","price":28481.4,"amount":0.00010975,"tid":205398296,"timestamp":1685743064},{"type":"ask","price":28481.4,"amount":0.00018,"tid":205398295,"timestamp":1685742979},{"type":"ask","price":28481.4,"amount":0.00011782,"tid":205398294,"timestamp":1685742967},{"type":"ask","price":28481.4,"amount":0.00011819,"tid":205398293,"timestamp":1685742953},{"type":"ask","price":28481.4,"amount":0.00011779,"tid":205398292,"timestamp":1685742950},{"type":"ask","price":28481.4,"amount":0.00011819,"tid":205398291,"timestamp":1685742944},{"type":"ask","price":28481.4,"amount":0.00010752,"tid":205398290,"timestamp":1685742919},{"type":"ask","price":28481.4,"amount":0.00001017,"tid":205398289,"timestamp":1685742919},{"type":"ask","price":28481.4,"amount":0.00011769,"tid":205398288,"timestamp":1685742915},{"type":"ask","price":28481.4,"amount":0.00011769,"tid":205398287,"timestamp":1685742910},{"type":"ask","price":28481.4,"amount":0.00010445,"tid":205398286,"timestamp":1685742882},{"type":"ask","price":28401.6,"amount":0.00026007,"tid":205398285,"timestamp":1685742661},{"type":"bid","price":28401.59983,"amount":0.00310696,"tid":205398284,"timestamp":1685742228},{"type":"ask","price":28275.5912,"amount":0.04601772,"tid":205398283,"timestamp":1685742084},{"type":"bid","price":28401.59982,"amount":0.01421596,"tid":205398282,"timestamp":1685739497},{"type":"bid","price":28401.59983,"amount":0.002,"tid":205398281,"timestamp":1685736211},{"type":"ask","price":28360.75733351,"amount":0.0006616,"tid":205398280,"timestamp":1685730639},{"type":"ask","price":28369.20000001,"amount":0.00246661,"tid":205398279,"timestamp":1685730479},{"type":"ask","price":28366.40000001,"amount":0.000229,"tid":205398278,"timestamp":1685727815},{"type":"ask","price":28363.30000001,"amount":0.00011591,"tid":205398277,"timestamp":1685725907},{"type":"ask","price":28363.30000001,"amount":0.00018024,"tid":205398276,"timestamp":1685725903},{"type":"ask","price":28363.30000001,"amount":0.00018615,"tid":205398275,"timestamp":1685725894},{"type":"bid","price":28401.59983,"amount":0.00264383,"tid":205398274,"timestamp":1685722111},{"type":"bid","price":28401.59983,"amount":0.00010934,"tid":205398273,"timestamp":1685722070},{"type":"bid","price":28401.59983,"amount":0.00010838,"tid":205398272,"timestamp":1685722018},{"type":"ask","price":28073.4,"amount":0.00031926,"tid":205398271,"timestamp":1685714841},{"type":"ask","price":28073.4,"amount":0.00010123,"tid":205398270,"timestamp":1685714305},{"type":"bid","price":28401.5,"amount":0.0002145,"tid":205398269,"timestamp":1685711355},{"type":"ask","price":28217.9001,"amount":0.014838,"tid":205398268,"timestamp":1685711237},{"type":"ask","price":28217.9001,"amount":0.014838,"tid":205398267,"timestamp":1685711224},{"type":"ask","price":28217.9001,"amount":0.014238,"tid":205398266,"timestamp":1685711217},{"type":"ask","price":28218,"amount":0.0006,"tid":205398265,"timestamp":1685711217},{"type":"ask","price":28217.9001,"amount":0.014838,"tid":205398264,"timestamp":1685711210},{"type":"ask","price":28217.50011,"amount":0.01605165,"tid":205398263,"timestamp":1685711002},{"type":"ask","price":28217.50011,"amount":0.01639057,"tid":205398262,"timestamp":1685711002},{"type":"ask","price":28217.5001,"amount":0.03275536,"tid":205398261,"timestamp":1685710981},{"type":"ask","price":28273.3162999,"amount":0.00010182,"tid":205398260,"timestamp":1685710981},{"type":"ask","price":28300,"amount":0.0008713,"tid":205398259,"timestamp":1685710981},{"type":"ask","price":28300.0002,"amount":0.00017198,"tid":205398258,"timestamp":1685710981},{"type":"bid","price":28401.59983,"amount":0.00028152,"tid":205398257,"timestamp":1685708688},{"type":"bid","price":28401.59983,"amount":0.003718,"tid":205398256,"timestamp":1685708343},{"type":"bid","price":28401.59983,"amount":0.00372172,"tid":205398255,"timestamp":1685706599},{"type":"bid","price":28401.59982,"amount":0.00107969,"tid":205398254,"timestamp":1685704788},{"type":"bid","price":28401.59432,"amount":0.00109067,"tid":205398253,"timestamp":1685704728},{"type":"bid","price":28401.59432,"amount":0.00120686,"tid":205398252,"timestamp":1685704726},{"type":"bid","price":28401.59432,"amount":0.00089586,"tid":205398251,"timestamp":1685704723},{"type":"bid","price":28401.59432,"amount":0.00015203,"tid":205398250,"timestamp":1685704723},{"type":"bid","price":28401.59432,"amount":0.00146617,"tid":205398249,"timestamp":1685704720},{"type":"bid","price":28401.59432,"amount":0.00110858,"tid":205398248,"timestamp":1685704717},{"type":"bid","price":28401.59431,"amount":0.00023434,"tid":205398247,"timestamp":1685704688},{"type":"bid","price":28401.59431,"amount":0.00133068,"tid":205398246,"timestamp":1685704686},{"type":"bid","price":28401.59432,"amount":0.00052098,"tid":205398245,"timestamp":1685704684},{"type":"bid","price":28401.59432,"amount":0.00109283,"tid":205398244,"timestamp":1685704683},{"type":"bid","price":28401.5,"amount":0.00024859,"tid":205398243,"timestamp":1685703497},{"type":"bid","price":28401.5,"amount":0.00031105,"tid":205398242,"timestamp":1685703467},{"type":"bid","price":28401.5,"amount":0.0006,"tid":205398241,"timestamp":1685702418},{"type":"bid","price":28599.99997,"amount":0.00555659,"tid":205398240,"timestamp":1685693343},{"type":"bid","price":28599.9,"amount":0.00010065,"tid":205398239,"timestamp":1685693343},{"type":"bid","price":28599.9,"amount":0.0006,"tid":205398238,"timestamp":1685693343},{"type":"ask","price":28133.1,"amount":0.00041283,"tid":205398237,"timestamp":1685692605},{"type":"bid","price":28599.99537,"amount":0.00020155,"tid":205398236,"timestamp":1685691660},{"type":"bid","price":28558.98,"amount":0.0001465,"tid":205398235,"timestamp":1685691660},{"type":"bid","price":28476.46378986,"amount":0.0001009,"tid":205398234,"timestamp":1685691660},{"type":"bid","price":28476.4,"amount":0.0006,"tid":205398233,"timestamp":1685691660},{"type":"bid","price":28466.89245354,"amount":0.00110641,"tid":205398232,"timestamp":1685688809},{"type":"bid","price":28466.89244354,"amount":0.00107094,"tid":205398231,"timestamp":1685688809}],"eth_usd":[{"type":"bid","price":1985.2,"amount":0.00069913,"tid":202796884,"timestamp":1685909514},{"type":"bid","price":1985.2,"amount":0.00069929,"tid":202796883,"timestamp":1685909494},{"type":"bid","price":1985.2,"amount":0.00069939,"tid":202796882,"timestamp":1685909478},{"type":"bid","price":1985.2,"amount":0.00069951,"tid":202796881,"timestamp":1685909453},{"type":"bid","price":1985.2,"amount":0.00069983,"tid":202796880,"timestamp":1685909437},{"type":"bid","price":1985.19999999,"amount":0.0003298,"tid":202796879,"timestamp":1685909425},{"type":"bid","price":1985.19999999,"amount":0.00014372,"tid":202796878,"timestamp":1685909195},{"type":"ask","price":1962.50000011,"amount":0.0003298,"tid":202796877,"timestamp":1685909110},{"type":"ask","price":1963.3,"amount":0.00014372,"tid":202796876,"timestamp":1685905813},{"type":"ask","price":1967.30000011,"amount":0.00014372,"tid":202796875,"timestamp":1685905736},{"type":"ask","price":1966.4,"amount":0.00014372,"tid":202796874,"timestamp":1685905473},{"type":"ask","price":1966.4,"amount":0.00014372,"tid":202796873,"timestamp":1685905462},{"type":"ask","price":1966.4,"amount":0.00014372,"tid":202796872,"timestamp":1685905274},{"type":"bid","price":1985.2,"amount":0.00010052,"tid":202796871,"timestamp":1685903680},{"type":"bid","price":1985.2,"amount":0.00010053,"tid":202796870,"timestamp":1685903553},{"type":"bid","price":1985.2,"amount":0.0004472,"tid":202796869,"timestamp":1685903553},{"type":"bid","price":1985.2,"amount":0.00010094,"tid":202796868,"timestamp":1685903549},{"type":"bid","price":1985.2,"amount":0.00053174,"tid":202796867,"timestamp":1685901897},{"type":"ask","price":1980.00010165,"amount":0.00010044,"tid":202796866,"timestamp":1685901171},{"type":"bid","price":1985.2,"amount":0.00048177,"tid":202796865,"timestamp":1685898793},{"type":"bid","price":1985.2,"amount":0.00052942,"tid":202796864,"timestamp":1685898764},{"type":"bid","price":1985.2,"amount":0.00010044,"tid":202796863,"timestamp":1685897707},{"type":"bid","price":1985.2,"amount":0.00010044,"tid":202796862,"timestamp":1685897463},{"type":"bid","price":1985.2,"amount":0.00010044,"tid":202796861,"timestamp":1685897228},{"type":"bid","price":1985.2,"amount":0.00010044,"tid":202796860,"timestamp":1685896993},{"type":"bid","price":1985.2,"amount":0.00010044,"tid":202796859,"timestamp":1685896768},{"type":"bid","price":1985.2,"amount":0.00010044,"tid":202796858,"timestamp":1685896547},{"type":"bid","price":1985.2,"amount":0.00010044,"tid":202796857,"timestamp":1685896305},{"type":"bid","price":1985.2,"amount":0.00010044,"tid":202796856,"timestamp":1685896065},{"type":"bid","price":1985.2,"amount":0.00010445,"tid":202796855,"timestamp":1685892277},{"type":"bid","price":1985.2,"amount":0.00014521,"tid":202796854,"timestamp":1685892241},{"type":"ask","price":1959.2,"amount":0.0001991,"tid":202796853,"timestamp":1685891920},{"type":"ask","price":1967.5,"amount":0.0001003,"tid":202796852,"timestamp":1685891920},{"type":"bid","price":1985.2,"amount":0.00010094,"tid":202796851,"timestamp":1685882045},{"type":"bid","price":1985.2,"amount":0.00010066,"tid":202796850,"timestamp":1685880379},{"type":"bid","price":1985.2,"amount":0.00017924,"tid":202796849,"timestamp":1685879609},{"type":"bid","price":1983.49999999,"amount":0.00053255,"tid":202796848,"timestamp":1685878180},{"type":"bid","price":1983.49999999,"amount":0.00053255,"tid":202796847,"timestamp":1685878176},{"type":"bid","price":1983.49999999,"amount":0.00053255,"tid":202796846,"timestamp":1685878173},{"type":"bid","price":1983.49999999,"amount":0.00053255,"tid":202796845,"timestamp":1685878168},{"type":"bid","price":1983.49999999,"amount":0.00053255,"tid":202796844,"timestamp":1685878166},{"type":"bid","price":1983.49999999,"amount":0.00053255,"tid":202796843,"timestamp":1685878161},{"type":"bid","price":1983.49999999,"amount":0.00053255,"tid":202796842,"timestamp":1685878159},{"type":"bid","price":1983.49999999,"amount":0.00053255,"tid":202796841,"timestamp":1685878150},{"type":"bid","price":1983.49999999,"amount":0.00053255,"tid":202796840,"timestamp":1685878144},{"type":"bid","price":1983.49999999,"amount":0.00053255,"tid":202796839,"timestamp":1685878142},{"type":"ask","price":1983.49999999,"amount":0.00053255,"tid":202796838,"timestamp":1685878141},{"type":"bid","price":1983.5,"amount":0.00019288,"tid":202796837,"timestamp":1685878094},{"type":"bid","price":1983.49999999,"amount":0.00033965,"tid":202796836,"timestamp":1685878093},{"type":"bid","price":1983.49999999,"amount":0.00053253,"tid":202796835,"timestamp":1685878090},{"type":"bid","price":1983.49999999,"amount":0.00053253,"tid":202796834,"timestamp":1685878087},{"type":"bid","price":1983.49999999,"amount":0.00053253,"tid":202796833,"timestamp":1685878083},{"type":"bid","price":1983.49999999,"amount":0.00053253,"tid":202796832,"timestamp":1685878080},{"type":"bid","price":1983.49999999,"amount":0.00053253,"tid":202796831,"timestamp":1685878076},{"type":"bid","price":1983.49999999,"amount":0.00053253,"tid":202796830,"timestamp":1685878072},{"type":"bid","price":1983.5,"amount":0.00053253,"tid":202796829,"timestamp":1685878068},{"type":"bid","price":1983.59999999,"amount":0.00053253,"tid":202796828,"timestamp":1685878064},{"type":"bid","price":1983.59999999,"amount":0.00053253,"tid":202796827,"timestamp":1685878059},{"type":"bid","price":1983.59999999,"amount":0.00053253,"tid":202796826,"timestamp":1685878056},{"type":"bid","price":1983.59999999,"amount":0.00053253,"tid":202796825,"timestamp":1685878052},{"type":"bid","price":1983.59999999,"amount":0.00053253,"tid":202796824,"timestamp":1685878048},{"type":"bid","price":1983.59999999,"amount":0.00053253,"tid":202796823,"timestamp":1685878044},{"type":"bid","price":1983.59999999,"amount":0.00053253,"tid":202796822,"timestamp":1685878040},{"type":"bid","price":1983.59999999,"amount":0.00053253,"tid":202796821,"timestamp":1685878037},{"type":"bid","price":1983.6,"amount":0.00053253,"tid":202796820,"timestamp":1685878032},{"type":"ask","price":1975.1265,"amount":0.00010044,"tid":202796819,"timestamp":1685875198},{"type":"bid","price":1980.89999989,"amount":0.00010117,"tid":202796818,"timestamp":1685872629},{"type":"bid","price":1980.89999999,"amount":0.00010044,"tid":202796817,"timestamp":1685872601},{"type":"bid","price":1980.89999999,"amount":0.00010065,"tid":202796816,"timestamp":1685872599},{"type":"ask","price":1961.20000001,"amount":0.00054767,"tid":202796815,"timestamp":1685869019},{"type":"bid","price":1979.3,"amount":0.00029799,"tid":202796814,"timestamp":1685868947},{"type":"bid","price":1980.39999999,"amount":0.00056182,"tid":202796813,"timestamp":1685868371},{"type":"bid","price":1980.39999999,"amount":0.00039639,"tid":202796812,"timestamp":1685868365},{"type":"bid","price":1980.39999999,"amount":0.00090422,"tid":202796811,"timestamp":1685868360},{"type":"ask","price":1954.6,"amount":0.00015119,"tid":202796810,"timestamp":1685868334},{"type":"ask","price":1954.60000001,"amount":0.00025739,"tid":202796809,"timestamp":1685868334},{"type":"ask","price":1960.41880013,"amount":0.0001004,"tid":202796808,"timestamp":1685868334},{"type":"bid","price":1961.5,"amount":0.00042138,"tid":202796807,"timestamp":1685861023},{"type":"ask","price":1961.5,"amount":0.0001004,"tid":202796806,"timestamp":1685861018},{"type":"bid","price":1966.29999999,"amount":0.00025601,"tid":202796805,"timestamp":1685860862},{"type":"ask","price":1966.3,"amount":0.00010023,"tid":202796804,"timestamp":1685860815},{"type":"ask","price":1966.3,"amount":0.00010036,"tid":202796803,"timestamp":1685860815},{"type":"bid","price":1965.90000001,"amount":0.00389815,"tid":202796802,"timestamp":1685858563},{"type":"bid","price":1965.90000001,"amount":0.006,"tid":202796801,"timestamp":1685858469},{"type":"bid","price":1965.90000001,"amount":0.027875,"tid":202796800,"timestamp":1685858444},{"type":"bid","price":1965.90000001,"amount":0.00010982,"tid":202796799,"timestamp":1685858441},{"type":"bid","price":1965.90000001,"amount":0.00214546,"tid":202796798,"timestamp":1685858440},{"type":"bid","price":1965.90000001,"amount":0.00122012,"tid":202796797,"timestamp":1685858436},{"type":"ask","price":1965.90000001,"amount":0.00010042,"tid":202796796,"timestamp":1685858434},{"type":"ask","price":1965.90000001,"amount":0.00865103,"tid":202796795,"timestamp":1685858434},{"type":"bid","price":1979.09999999,"amount":0.00010072,"tid":202796794,"timestamp":1685843761},{"type":"ask","price":1958.20000001,"amount":0.0008604,"tid":202796793,"timestamp":1685839139},{"type":"bid","price":1969.5,"amount":0.0441906,"tid":202796792,"timestamp":1685815310},{"type":"bid","price":1969.5,"amount":0.05311,"tid":202796791,"timestamp":1685815238},{"type":"bid","price":1969.5,"amount":0.00049479,"tid":202796790,"timestamp":1685814642},{"type":"ask","price":1969.5,"amount":0.00010044,"tid":202796789,"timestamp":1685814560},{"type":"ask","price":1969.5,"amount":0.0084673,"tid":202796788,"timestamp":1685813126},{"type":"ask","price":1969.5,"amount":0.01272023,"tid":202796787,"timestamp":1685813125},{"type":"ask","price":1969.5,"amount":0.01272026,"tid":202796786,"timestamp":1685813125},{"type":"ask","price":1969.6,"amount":0.006,"tid":202796785,"timestamp":1685813125},{"type":"bid","price":1963.7,"amount":0.03990779,"tid":202796784,"timestamp":1685813062},{"type":"ask","price":1963.7,"amount":0.00010044,"tid":202796783,"timestamp":1685813062},{"type":"ask","price":1963.7,"amount":0.00010044,"tid":202796782,"timestamp":1685813062},{"type":"ask","price":1963.7,"amount":0.006,"tid":202796781,"timestamp":1685813062},{"type":"bid","price":1969.5,"amount":0.04610867,"tid":202796780,"timestamp":1685812976},{"type":"bid","price":1969.5,"amount":0.0061634,"tid":202796779,"timestamp":1685812835},{"type":"ask","price":1969.5,"amount":0.00010024,"tid":202796778,"timestamp":1685812832},{"type":"ask","price":1969.5,"amount":0.00010043,"tid":202796777,"timestamp":1685812832},{"type":"ask","price":1969.5,"amount":0.00010022,"tid":202796776,"timestamp":1685812832},{"type":"bid","price":1985.24025832,"amount":0.00011174,"tid":202796775,"timestamp":1685812546},{"type":"bid","price":1985.24025832,"amount":0.00053059,"tid":202796774,"timestamp":1685812497},{"type":"bid","price":1985.24025832,"amount":0.00036135,"tid":202796773,"timestamp":1685812492},{"type":"bid","price":1985.24025832,"amount":0.00036123,"tid":202796772,"timestamp":1685812481},{"type":"bid","price":1985.24025832,"amount":0.00052511,"tid":202796771,"timestamp":1685812467},{"type":"bid","price":1985.24025832,"amount":0.00052511,"tid":202796770,"timestamp":1685812461},{"type":"bid","price":1985.24025832,"amount":0.00053059,"tid":202796769,"timestamp":1685812458},{"type":"bid","price":1985.24025832,"amount":0.00052511,"tid":202796768,"timestamp":1685812454},{"type":"bid","price":1985.24025832,"amount":0.00053059,"tid":202796767,"timestamp":1685812449},{"type":"bid","price":1985.24025832,"amount":0.00052511,"tid":202796766,"timestamp":1685812445},{"type":"bid","price":1985.24025832,"amount":0.00023346,"tid":202796765,"timestamp":1685812442},{"type":"bid","price":1985.24025832,"amount":0.00053059,"tid":202796764,"timestamp":1685812437},{"type":"bid","price":1985.24025832,"amount":0.00052511,"tid":202796763,"timestamp":1685812434},{"type":"bid","price":1985.24025832,"amount":0.0002338,"tid":202796762,"timestamp":1685812423},{"type":"bid","price":1985.24025842,"amount":0.00020887,"tid":202796761,"timestamp":1685811590},{"type":"bid","price":1985.24025842,"amount":0.01932425,"tid":202796760,"timestamp":1685811578},{"type":"bid","price":1985.24025832,"amount":0.00142792,"tid":202796759,"timestamp":1685809900},{"type":"bid","price":1985.24025842,"amount":0.00112806,"tid":202796758,"timestamp":1685791670},{"type":"bid","price":1970,"amount":0.008163,"tid":202796757,"timestamp":1685787452},{"type":"bid","price":1970,"amount":0.00049789,"tid":202796756,"timestamp":1685781770},{"type":"bid","price":1970,"amount":0.00038582,"tid":202796755,"timestamp":1685779366},{"type":"bid","price":1970,"amount":0.00108674,"tid":202796754,"timestamp":1685775044},{"type":"bid","price":1970,"amount":0.00015754,"tid":202796753,"timestamp":1685774832},{"type":"bid","price":1970,"amount":0.00057637,"tid":202796752,"timestamp":1685774788},{"type":"bid","price":1970,"amount":0.00057637,"tid":202796751,"timestamp":1685774785},{"type":"bid","price":1970,"amount":0.00057637,"tid":202796750,"timestamp":1685774783},{"type":"bid","price":1970,"amount":0.00057637,"tid":202796749,"timestamp":1685774780},{"type":"bid","price":1970,"amount":0.00057637,"tid":202796748,"timestamp":1685774777},{"type":"bid","price":1970,"amount":0.05305396,"tid":202796747,"timestamp":1685773277},{"type":"bid","price":1970,"amount":0.05305638,"tid":202796746,"timestamp":1685773174},{"type":"bid","price":1970,"amount":0.05307396,"tid":202796745,"timestamp":1685773117},{"type":"bid","price":1970,"amount":0.05305901,"tid":202796744,"timestamp":1685773011},{"type":"bid","price":1970,"amount":0.05306143,"tid":202796743,"timestamp":1685772976},{"type":"bid","price":1970,"amount":0.05306406,"tid":202796742,"timestamp":1685772931},{"type":"bid","price":1970,"amount":0.05306649,"tid":202796741,"timestamp":1685772890},{"type":"bid","price":1970,"amount":0.0530691,"tid":202796740,"timestamp":1685772831},{"type":"bid","price":1970,"amount":0.05307154,"tid":202796739,"timestamp":1685772801},{"type":"bid","price":1970,"amount":0.05393998,"tid":202796738,"timestamp":1685772767},{"type":"bid","price":1970,"amount":0.8436,"tid":202796737,"timestamp":1685772669},{"type":"bid","price":1970,"amount":0.05297,"tid":202796736,"timestamp":1685772650},{"type":"bid","price":1970,"amount":0.05295,"tid":202796735,"timestamp":1685772621}]}